@inproceedings{alipourfard2015re,
	title={Re-evaluating measurement algorithms in software},
	author={Alipourfard, Omid and Moshref, Masoud and Yu, Minlan},
	booktitle={Proceedings of the 14th ACM Workshop on Hot Topics in Networks},
	year={2015},
	organization={ACM}
}

@inproceedings{alipourfard2018comparison,
	title={A comparison of performance and accuracy of measurement algorithms in software},
	author={Alipourfard, Omid and Moshref, Masoud and Zhou, Yang and Yang, Tong and Yu, Minlan},
	booktitle={Proceedings of the Symposium on SDN Research},
	year={2018},
	organization={ACM}
}

@inproceedings{gardikis2016integrating,
	title={An integrating framework for efficient NFV monitoring},
	author={Gardikis, Georgios and Koutras, Ioannis and Mavroudis, George and Costicoglou, Socrates and Xilouris, George and Sakkas, Christos and Kourtis, Akis},
	booktitle={NetSoft, 2016 IEEE},
	year={2016},
	organization={IEEE}
}

@article{deolalikar2016extensive,
	title={Extensive large-scale study of error in samping-based distinct value estimators for databases},
	author={Deolalikar, Vinay and Laffitte, Hernan},
	journal={arXiv preprint arXiv:1612.00476},
	year={2016}
}

@techreport{etsi2013gs,
	title={Network function virtualisation ({NFV}) - architectural framework},
	author={ETSI},
	institution={ETSI},
	howpublished={\url{https://www.etsi.org/deliver/etsi_gs/nfv/001_099/002/01.01.01_60/gs_nfv002v010101p.pdf}},
	year={2013}
}

@article{pedregosa2011scikit,
	title={Scikit-learn: Machine learning in Python},
	author={Pedregosa, Fabian and Varoquaux, Ga{\"e}l and Gramfort, Alexandre and Michel, Vincent and Thirion, Bertrand and Grisel, Olivier and Blondel, Mathieu and Prettenhofer, Peter and Weiss, Ron and Dubourg, Vincent and others},
	journal={Journal of Machine Learning Research},
	volume={12},
	number={Oct},
	year={2011}
}

@inproceedings{charikar2000towards,
	title={Towards estimation error guarantees for distinct values},
	author={Charikar, Moses and Chaudhuri, Surajit and Motwani, Rajeev and Narasayya, Vivek},
	booktitle={Proceedings of the nineteenth ACM SIGMOD-SIGACT-SIGART},
	year={2000},
	organization={ACM}
}

@article{crammer2006online,
	title={Online passive-aggressive algorithms},
	author={Crammer, Koby and Dekel, Ofer and Keshet, Joseph and Shalev-Shwartz, Shai and Singer, Yoram},
	journal={Journal of Machine Learning Research},
	volume={7},
	number={Mar},
	year={2006}
}

@inproceedings{huang2017sketchvisor,
	title={SketchVisor: robust network measurement for software packet processing},
	author={Huang, Qun and Jin, Xin and Lee, Patrick PC and Li, Runhui and Tang, Lu and Chen, Yi-Chao and Zhang, Gong},
	booktitle={Proceedings of the Conference of the ACM Special Interest Group on Data Communication},
	year={2017},
	organization={ACM}
}

@article{haas1998estimating,
	title={Estimating the number of classes in a finite population},
	author={Haas, Peter J and Stokes, Lynne},
	journal={Journal of the American Statistical Association},
	volume={93},
	number={444},
	year={1998},
	publisher={Taylor \& Francis}
}

@inproceedings{ribeiro2006fisher,
	title={Fisher information of sampled packets: an application to flow size estimation},
	author={Ribeiro, Bruno and Towsley, Don and Ye, Tao and Bolot, Jean C},
	booktitle={ACM SIGCOMM 2006}
}

@inproceedings{heule2013hyperloglog,
	title={HyperLogLog in practice: algorithmic engineering of a state of the art cardinality estimation algorithm},
	author={Heule, Stefan and Nunkesser, Marc and Hall, Alexander},
	booktitle={Proceedings of the 16th International Conference on Extending Database Technology},
	year={2013},
	organization={ACM}
}

@inproceedings{flajolet2007hyperloglog,
	title={Hyperloglog: the analysis of a near-optimal cardinality estimation algorithm},
	author={Flajolet, Philippe and Fusy, {\'E}ric and Gandouet, Olivier and Meunier, Fr{\'e}d{\'e}ric},
	booktitle={AofA: Analysis of Algorithms},
	year={2007},
	organization={Discrete Mathematics and Theoretical Computer Science}
}

@inproceedings{mouratidis2006continuous,
	title={Continuous monitoring of top-k queries over sliding windows},
	author={Mouratidis, Kyriakos and Bakiras, Spiridon and Papadias, Dimitris},
	booktitle={ACM SIGMOD 2006}
}

@inproceedings{ben2016heavy,
	title={Heavy hitters in streams and sliding windows},
	author={Ben-Basat, Ran and Einziger, Gil and Friedman, Roy and Kassner, Yaron},
	booktitle={IEEE INFOCOM 2016}
}

@incollection{gibbons2016distinct,
	title={Distinct-values estimation over data streams},
	author={Gibbons, Phillip B},
	booktitle={Data Stream Management},
	year={2016},
	publisher={Springer}
}

@article{mckeown2009software,
	title={Software-defined networking},
	author={McKeown, Nick},
	journal={INFOCOM keynote talk},
	year={2009}
}

@inproceedings{einziger2017constant,
	title={Constant time weighted frequency estimation for virtual network functionalities},
	author={Einziger, Gil and Luizelli, Marcelo Caggiani and Waisbard, Erez},
	booktitle={ICCCN},
	year={2017},
	organization={IEEE}
}

@misc{netflow2012introduction,
	author={Cisco},
	title={Introduction to {Cisco} {IOS} {NetFlow}},
	date={2012},
	howpublished="\url{https://www.cisco.com/c/en/us/products/collateral/ios-nx-os-software/ios-netflow/prod_white_paper0900aecd80406232.html}",
	organization={Cisco}
}

@inproceedings{pfaff2015design,
	title={The design and implementation of {Open vSwitch}},
	author={Pfaff, Ben and Pettit, Justin and Koponen, Teemu and Jackson, Ethan J and Zhou, Andy and Rajahalme, Jarno and Gross, Jesse and Wang, Alex and Stringer, Joe and Shelar, Pravin and others},
	booktitle={NSDI},
	year={2015}
}

@article{cohen2017cardinality,
	title={Cardinality estimation meets {Good-Turing}},
	author={Cohen, Reuven and Katzir, Liran and Yehezkel, Aviv},
	journal={Big Data Research},
	volume={9},
	year={2017},
	publisher={Elsevier}
}

@article{good1953population,
	title={The population frequencies of species and the estimation of population parameters},
	author={Good, Irving J},
	journal={Biometrika},
	volume={40},
	number={3-4},
	year={1953},
	publisher={Oxford University Press}
}

@article{gale1995good,
	title={{Good-Turing} frequency estimation without tears},
	author={Gale, William A and Sampson, Geoffrey},
	journal={Journal of quantitative linguistics},
	volume={2},
	number={3},
	year={1995},
	publisher={Taylor \& Francis}
}

@inproceedings{motwani2006distinct,
	title={Distinct values estimators for power law distributions},
	author={Motwani, Rajeev and Vassilvitskii, Sergei},
	booktitle={Proceedings of the Meeting on Analytic Algorithmics and Combinatorics},
	year={2006},
	organization={Society for Industrial and Applied Mathematics}
}

@inproceedings{duffield2003estimating,
	title={Estimating flow distributions from sampled flow statistics},
	author={Duffield, Nick and Lund, Carsten and Thorup, Mikkel},
	booktitle={Proceedings of the 2003 conference on Applications, Technologies, Architectures, and Protocols for Computer Communications},
	year={2003},
	organization={ACM}
}

@misc{caidaddos2007,
	title={{The {CAIDA UCSD ``DDoS attack 2007''} dataset}},
	author={{Center for Applied Internet Data Analysis - CAIDA}},
	howpublished = {\url{http://www.caida.org/data/passive/ddos-20070804_dataset.xml}}
}

@misc{caidabackbone2016,
	author={{Center for Applied Internet Data Analysis - CAIDA}},
	title={{The CAIDA UCSD anonymized internet traces 2016 - equinix-chicago}},
	howpublished={\url{http://www.caida.org/data/passive/passive_2016_dataset.xml}}
}

@misc{uclacsd,
	author={{University of California, Los Angeles, CS department}},
	title={{UCLA CSD packet traces}},
	howpublished={\url{https://lasr.cs.ucla.edu/ddos/traces/}}
}

@misc{darpaddos,
	author={{Defense Advanced Research Projects Agency - DARPA}},
	title={{DARPA scalable network monitoring (SNM) program traffic, PREDICT ID: USC-LANDER\textbackslash{}DARPA\_2009\_DDoS\_attack-20091105\textbackslash{}rev4383.}},
	date={{2009-11-05 to 2009-11-05}},
	publisher={{USC\textbackslash{}LANDER project}},
	howpublished={\url{http://www.darpa2009.netsec.colostate.edu/}}
}

@article{kiefer1952stochastic,
	title={Stochastic estimation of the maximum of a regression function},
	author={Kiefer, Jack and Wolfowitz, Jacob},
	journal={The Annals of Mathematical Statistics},
	year={1952},
	publisher={JSTOR}
}

@article{grant1987recursive,
	title={Recursive least squares},
	author={GRANT, IAN HWM},
	journal={Teaching Statistics},
	volume={9},
	number={1},
	year={1987},
	publisher={Wiley Online Library}
}

@book{gray1972generalized,
	title={The generalized jackknife statistic},
	author={Gray, Henry L and Schucany, William R},
	volume={1},
	year={1972},
	publisher={M. Dekker}
}


@article{hamilton2016quic,
	title={QUIC: A {UDP}-based secure and reliable transport for {HTTP/2}},
	author={Hamilton, Ryan and Iyengar, Janardhan and Swett, Ian and Wilk, Alyssa},
	journal={IETF, draft-tsvwg-quic-protocol-02},
	year={2016}
}

@phdthesis{shalev2007online,
	title={Online learning: Theory, algorithms, and applications},
	author={Shalev-Shwartz, Shai},
	year={2007},
	school={The Hebrew University of Jerusalem}
}

@article{tieleman2012lecture,
	title={Lecture 6.5-rmsprop: Divide the gradient by a running average of its recent magnitude},
	author={Tieleman, Tijmen and Hinton, Geoffrey},
	journal={COURSERA: Neural networks for machine learning},
	volume={4},
	number={2},
	pages={26--31},
	year={2012}
}

@article{duchi2011adaptive,
	title={Adaptive subgradient methods for online learning and stochastic optimization},
	author={Duchi, John and Hazan, Elad and Singer, Yoram},
	journal={Journal of Machine Learning Research},
	volume={12},
	number={Jul},
	pages={2121--2159},
	year={2011}
}

@article{kingma2014adam,
	title={Adam: A method for stochastic optimization},
	author={Kingma, Diederik P and Ba, Jimmy},
	journal={arXiv preprint arXiv:1412.6980},
	year={2014}
}